<record xmlns:xsi="http://www.w3.org/2001/XMLSchema-instance" xmlns="http://www.loc.gov/MARC21/slim" xsi:schemaLocation="http://www.loc.gov/MARC21/slim http://www.loc.gov/standards/marcxml/schema/MARC21slim.xsd">

  <leader>00830nam a2200157Ia 4500</leader>
  <datafield ind2=" " tag="999" ind1=" ">
    <subfield code="c">1731</subfield>
    <subfield code="d">1731</subfield>
  </datafield>
  <controlfield tag="008">180417b2009    cr ||||| |||| 00| | spa d</controlfield>
  <datafield tag="090" ind2=" " ind1=" ">
    <subfield code="a">06.03.05 </subfield>
    <subfield code="b">2055 CD #193</subfield>
  </datafield>
  <datafield ind1="1" tag="100" ind2=" ">
    <subfield code="a">Rapso Brenes, Marisol</subfield>
    <subfield code="9">3570</subfield>
  </datafield>
  <datafield ind2="0" tag="245" ind1="1">
    <subfield code="a">Informe del proyecto 3er Congreso Iberoamericano Universidades para todas las edades. Costa Rica 2009 / </subfield>
    <subfield code="c">Marisol Rapso Brenes</subfield>
  </datafield>
  <datafield ind1=" " tag="260" ind2=" ">
    <subfield code="a">San José, Costa Rica : </subfield>
    <subfield code="b">Programa Integral para la Persona Adulta Mayor (PIAM), </subfield>
    <subfield code="c">2009</subfield>
  </datafield>
  <datafield ind1=" " tag="300" ind2=" ">
    <subfield code="a">26 páginas</subfield>
  </datafield>
  <datafield ind1=" " tag="500" ind2=" ">
    <subfield code="a">A la cabeza de la portada: Universidad de Costa Rica. Vicerrectoría de Acción Social. Programa Integral para la Persona Adulta Mayor (PIAM)\El CD contiene el material presentado en el congreso</subfield>
  </datafield>
  <datafield ind1="1" ind2="4" tag="650">
    <subfield code="a">EDUCACIÓN DE ADULTOS</subfield>
    <subfield code="9">809</subfield>
  </datafield>
  <datafield ind2="4" tag="650" ind1="1">
    <subfield code="a">CONFERENCIA</subfield>
    <subfield code="9">506</subfield>
  </datafield>
  <datafield ind1=" " ind2=" " tag="711">
    <subfield code="a">Congreso Iberoamericano Universidades para todas las edades (3 : 2009 : San José, C.R.)</subfield>
  </datafield>
  <datafield tag="942" ind2=" " ind1=" ">
    <subfield code="2">z</subfield>
    <subfield code="c">01</subfield>
  </datafield>
</record>